<?xml version="1.0" encoding="UTF-8"?><record xmlns="http://www.loc.gov/MARC21/slim" xmlns:cinclude="http://apache.org/cocoon/include/1.0" xmlns:zs="http://www.loc.gov/zing/srw/">
  <leader>00647cz  a2200145n  4500</leader>
  <controlfield tag="001">n  86008255 </controlfield>
  <controlfield tag="003">DLC</controlfield>
  <controlfield tag="005">20120801081643.0</controlfield>
  <controlfield tag="008">870413n| acannaab           |a ana      </controlfield>
  <datafield tag="010" ind1=" " ind2=" ">
    <subfield code="a">n  86008255 </subfield>
  </datafield>
  <datafield tag="040" ind1=" " ind2=" ">
    <subfield code="a">DLC</subfield>
    <subfield code="b">eng</subfield>
    <subfield code="c">DLC</subfield>
    <subfield code="d">DLC</subfield>
  </datafield>
  <datafield tag="111" ind1="2" ind2=" ">
    <subfield code="a">International Colloquium on Helminth Zoonoses</subfield>
    <subfield code="d">(1986 :</subfield>
    <subfield code="c">Antwerp, Belgium)</subfield>
  </datafield>
  <datafield tag="411" ind1="2" ind2=" ">
    <subfield code="a">Colloquium on Helminth Zoonoses, International</subfield>
  </datafield>
  <datafield tag="667" ind1=" " ind2=" ">
    <subfield code="a">THIS 1XX FIELD CANNOT BE USED UNDER RDA UNTIL THIS RECORD HAS BEEN REVIEWED AND/OR UPDATED</subfield>
  </datafield>
  <datafield tag="670" ind1=" " ind2=" ">
    <subfield code="a">Helminth zoonoses, 1987:</subfield>
    <subfield code="b">CIP galley (International Colloquium on Helminth Zoonoses held at the Institute of Tropical Medicine, Antwerp, 11-12 December 1986)</subfield>
  </datafield>
</record>